{
  "leader": "01696cam a22003971i 4500",
  "fields": [
    {
      "001": "ocm14730245\\"
    },
    {
      "003": "OCoLC"
    },
    {
      "005": "20210803155325.0"
    },
    {
      "008": "810920s1935\\\\\\\\nyua\\\\\\\\\\b\\\\\\\\001\\0\\eng\\\\"
    },
    {
      "010": {
        "ind1": "\\",
        "ind2": "\\",
        "subfields": [
          {
            "a": "   35020917 "
          }
        ]
      }
    },
    {
      "040": {
        "ind1": "\\",
        "ind2": "\\",
        "subfields": [
          {
            "a": "NLM"
          },
          {
            "b": "eng"
          },
          {
            "c": "NLM"
          },
          {
            "d": "DLC"
          },
          {
            "d": "FQG"
          },
          {
            "d": "CGC"
          },
          {
            "d": "DRB"
          },
          {
            "d": "KNV"
          },
          {
            "d": "KIJ"
          },
          {
            "d": "UKMGB"
          },
          {
            "d": "OCLCF"
          },
          {
            "d": "OCLCO"
          },
          {
            "d": "OCLCQ"
          },
          {
            "d": "OCLCO"
          },
          {
            "d": "OCLCQ"
          },
          {
            "d": "MST"
          },
          {
            "d": "OCLCO"
          },
          {
            "d": "OCLCQ"
          },
          {
            "d": "ZAP"
          },
          {
            "d": "OCLCA"
          }
        ]
      }
    },
    {
      "016": {
        "ind1": "7",
        "ind2": "\\",
        "subfields": [
          {
            "a": "42120290R"
          },
          {
            "2": "DNLM"
          }
        ]
      }
    },
    {
      "016": {
        "ind1": "7",
        "ind2": "\\",
        "subfields": [
          {
            "a": "002635335"
          },
          {
            "2": "Uk"
          }
        ]
      }
    },
    {
      "016": {
        "ind1": "7",
        "ind2": "\\",
        "subfields": [
          {
            "a": "012172557"
          },
          {
            "2": "Uk"
          }
        ]
      }
    },
    {
      "019": {
        "ind1": "\\",
        "ind2": "\\",
        "subfields": [
          {
            "a": "1653561"
          },
          {
            "a": "314517740"
          },
          {
            "a": "1083466637"
          },
          {
            "a": "1084398915"
          },
          {
            "a": "1105322115"
          },
          {
            "a": "1107595975"
          },
          {
            "a": "1169854539"
          }
        ]
      }
    },
    {
      "035": {
        "ind1": "\\",
        "ind2": "\\",
        "subfields": [
          {
            "a": "(OCoLC)14730245"
          },
          {
            "z": "(OCoLC)1653561"
          },
          {
            "z": "(OCoLC)314517740"
          },
          {
            "z": "(OCoLC)1083466637"
          },
          {
            "z": "(OCoLC)1084398915"
          },
          {
            "z": "(OCoLC)1105322115"
          },
          {
            "z": "(OCoLC)1107595975"
          },
          {
            "z": "(OCoLC)1169854539"
          }
        ]
      }
    },
    {
      "050": {
        "ind1": "0",
        "ind2": "0",
        "subfields": [
          {
            "a": "RC383.A6"
          },
          {
            "b": "W4"
          }
        ]
      }
    },
    {
      "060": {
        "ind1": "0",
        "ind2": "0",
        "subfields": [
          {
            "a": "WL 340"
          },
          {
            "b": "W427a 1935"
          }
        ]
      }
    },
    {
      "082": {
        "ind1": "0",
        "ind2": "\\",
        "subfields": [
          {
            "a": "616.8552"
          },
          {
            "b": "WEI"
          }
        ]
      }
    },
    {
      "100": {
        "ind1": "1",
        "ind2": "\\",
        "subfields": [
          {
            "a": "Weisenburg, Theodore,"
          },
          {
            "d": "1876-1934."
          }
        ]
      }
    },
    {
      "245": {
        "ind1": "1",
        "ind2": "0",
        "subfields": [
          {
            "a": "Aphasia :"
          },
          {
            "b": "a clinical and psychological study /"
          },
          {
            "c": "by Theodore Weisenburg and Katharine E. McBride."
          }
        ]
      }
    },
    {
      "260": {
        "ind1": "\\",
        "ind2": "\\",
        "subfields": [
          {
            "a": "New York :"
          },
          {
            "b": "Commonwealth Fund,"
          },
          {
            "c": "1935."
          }
        ]
      }
    },
    {
      "300": {
        "ind1": "\\",
        "ind2": "\\",
        "subfields": [
          {
            "a": "xvi, 634 pages :"
          },
          {
            "b": "illustrations ;"
          },
          {
            "c": "24 cm"
          }
        ]
      }
    },
    {
      "336": {
        "ind1": "\\",
        "ind2": "\\",
        "subfields": [
          {
            "a": "text"
          },
          {
            "b": "txt"
          },
          {
            "2": "rdacontent"
          }
        ]
      }
    },
    {
      "337": {
        "ind1": "\\",
        "ind2": "\\",
        "subfields": [
          {
            "a": "unmediated"
          },
          {
            "b": "n"
          },
          {
            "2": "rdamedia"
          }
        ]
      }
    },
    {
      "338": {
        "ind1": "\\",
        "ind2": "\\",
        "subfields": [
          {
            "a": "volume"
          },
          {
            "b": "nc"
          },
          {
            "2": "rdacarrier"
          }
        ]
      }
    },
    {
      "504": {
        "ind1": "\\",
        "ind2": "\\",
        "subfields": [
          {
            "a": "Includes bibliographical references (pages 603-623) and index."
          }
        ]
      }
    },
    {
      "650": {
        "ind1": "\\",
        "ind2": "0",
        "subfields": [
          {
            "a": "Aphasia."
          }
        ]
      }
    },
    {
      "650": {
        "ind1": "\\",
        "ind2": "7",
        "subfields": [
          {
            "a": "Aphasia."
          },
          {
            "2": "fast"
          },
          {
            "0": "(OCoLC)fst00811278"
          }
        ]
      }
    },
    {
      "650": {
        "ind1": "\\",
        "ind2": "4",
        "subfields": [
          {
            "a": "Aphasia."
          }
        ]
      }
    },
    {
      "650": {
        "ind1": "\\",
        "ind2": "2",
        "subfields": [
          {
            "a": "Aphasia."
          }
        ]
      }
    },
    {
      "700": {
        "ind1": "1",
        "ind2": "\\",
        "subfields": [
          {
            "a": "McBride, Katharine Elizabeth."
          }
        ]
      }
    },
    {
      "776": {
        "ind1": "0",
        "ind2": "8",
        "subfields": [
          {
            "i": "Online version:"
          },
          {
            "a": "Weisenburg, Theodore, 1876-1934."
          },
          {
            "t": "Aphasia; a clinical and psychological study."
          },
          {
            "d": "New York, Commonwealth Fund, 1935"
          },
          {
            "w": "(OCoLC)557737935"
          }
        ]
      }
    },
    {
      "994": {
        "ind1": "\\",
        "ind2": "\\",
        "subfields": [
          {
            "a": "Z0"
          },
          {
            "b": "NYRVC"
          }
        ]
      }
    },
    {
      "948": {
        "ind1": "\\",
        "ind2": "\\",
        "subfields": [
          {
            "h": "NO HOLDINGS IN NYRVC - 195 OTHER HOLDINGS"
          }
        ]
      }
    },
    {
      "999": {
        "ind1": "\\",
        "ind2": "\\",
        "subfields": [
          {
            "a": "No barcode for copy 1 and copy 2"
          }
        ]
      }
    }
  ]
}